@book{alagar2011specification,
  title={Specification of software systems},
  author={Alagar, Vangalur S and Periyasamy, Kasilingam and Periyasamy, Kasilingan},
  year={2011},
  publisher={Springer}
}
@inproceedings{road,
author = {Lamsweerde, Axel van},
title = {Formal Specification: A Roadmap},
year = {2000},
isbn = {1581132530},
publisher = {Association for Computing Machinery},
address = {New York, NY, USA},
url = {https://doi.org/10.1145/336512.336546},
doi = {10.1145/336512.336546},
booktitle = {Proceedings of the Conference on The Future of Software Engineering},
pages = {147–159},
numpages = {13},
location = {Limerick, Ireland},
series = {ICSE '00}
}
@inproceedings{yue1987does,
  title={What does it mean to say that a specification is complete?},
  author={Yue, Kaizhi},
  booktitle={Proc. IWSSD-4, Fourth International Workshop on Software Specification and Design},
  year={1987}
}
@incollection{meyer1993formalism,
  title={On formalism in specifications},
  author={Meyer, Bertrand},
  booktitle={Program Verification: Fundamental Issues in Computer Science},
  pages={155--189},
  year={1993},
  publisher={Springer}
}

@article{owre1995formal,
  title={Formal verification for fault-tolerant architectures: Prolegomena to the design of PVS},
  author={Owre, Sam and Rushby, John and Shankar, Natarajan and Von Henke, Friedrich},
  journal={IEEE transactions on software engineering},
  volume={21},
  number={2},
  pages={107--125},
  year={1995},
  publisher={IEEE}
}
@inproceedings{bjorner1996step,
  title={STeP: Deductive-algorithmic verification of reactive and real-time systems},
  author={Bj{\o}rner, Nikolaj and Browne, Anca and Chang, Eddie and Col{\'o}n, Michael and Kapur, Arjun and Manna, Zohar and Sipma, Henny B and Uribe, Tom{\'a}s E},
  booktitle={Computer Aided Verification: 8th International Conference, CAV'96 New Brunswick, NJ, USA, July 31--August 3, 1996 Proceedings 8},
  pages={415--418},
  year={1996},
  organization={Springer}
}
@article{heimdahl1996completeness,
  title={Completeness and consistency in hierarchical state-based requirements},
  author={Heimdahl, Mats Per Erik and Leveson, Nancy G.},
  journal={IEEE transactions on Software Engineering},
  volume={22},
  number={6},
  pages={363--377},
  year={1996},
  publisher={IEEE}
}
@article{heitmeyer1996automated,
  title={Automated consistency checking of requirements specifications},
  author={Heitmeyer, Constance L and Jeffords, Ralph D and Labaw, Bruce G},
  journal={ACM Transactions on Software Engineering and Methodology (TOSEM)},
  volume={5},
  number={3},
  pages={231--261},
  year={1996},
  publisher={ACM New York, NY, USA}
}
@article{van1998managing,
  title={Managing conflicts in goal-driven requirements engineering},
  author={Van Lamsweerde, Axel and Darimont, Robert and Letier, Emmanuel},
  journal={IEEE transactions on Software engineering},
  volume={24},
  number={11},
  pages={908--926},
  year={1998},
  publisher={IEEE}
}
@article{van2000handling,
  title={Handling obstacles in goal-oriented requirements engineering},
  author={Van Lamsweerde, Axel and Letier, Emmanuel},
  journal={IEEE Transactions on software engineering},
  volume={26},
  number={10},
  pages={978--1005},
  year={2000},
  publisher={IEEE}
}
@inproceedings{ernst1999dynamically,
  title={Dynamically discovering likely program invariants to support program evolution},
  author={Ernst, Michael D and Cockrell, Jake and Griswold, William G and Notkin, David},
  booktitle={Proceedings of the 21st international conference on Software engineering},
  pages={213--224},
  year={1999}
}
@article{gannod1996strongest,
  title={Strongest postcondition semantics as the formal basis for reverse engineering},
  author={Gannod, Gerald C and Cheng, Betty HC},
  journal={Automated Software Engineering},
  volume={3},
  number={1-2},
  pages={139--164},
  year={1996},
  publisher={Springer}
}
@misc{extended, 
  title = {Berkeley Packet Filter (eBPF)},
  year=2018,
  url={https://ebpf.io/},
  author={ eBPF, LINUX FOUNDATION PROJECTS}
} 
@inproceedings{jeanjean2019dsl,
  title={From DSL specification to interactive computer programming environment},
  author={Jeanjean, Pierre and Combemale, Benoit and Barais, Olivier},
  booktitle={Proceedings of the 12th ACM SIGPLAN International Conference on Software Language Engineering},
  pages={167--178},
  year={2019}
}
@article{perlis1982special,
  title={Special feature: Epigrams on programming},
  author={Perlis, Alan J},
  journal={ACM Sigplan Notices},
  volume={17},
  number={9},
  pages={7--13},
  year={1982},
  publisher={ACM New York, NY, USA}
}
@article{walia2020sham,
  title={Sham: A DSL for Fast DSLs},
  author={Walia, Rajan and Shan, Chung-chieh and Tobin-Hochstadt, Sam},
  journal={arXiv preprint arXiv:2005.09028},
  year={2020}
}
@techreport{flatt2010reference,
  title={Reference: Racket},
  author={Flatt, Matthew and PLT, PLT},
  year={2010},
  institution={Technical Report PLT-TR-2010-1, PLT Inc}
}
@inproceedings{gershuni2019simple,
  title={Simple and precise static analysis of untrusted linux kernel extensions},
  author={Gershuni, Elazar and Amit, Nadav and Gurfinkel, Arie and Narodytska, Nina and Navas, Jorge A and Rinetzky, Noam and Ryzhyk, Leonid and Sagiv, Mooly},
  booktitle={Proceedings of the 40th ACM SIGPLAN Conference on Programming Language Design and Implementation},
  pages={1069--1084},
  year={2019}
}
@inproceedings{gurfinkel2015seahorn,
  title={The SeaHorn verification framework},
  author={Gurfinkel, Arie and Kahsai, Temesghen and Komuravelli, Anvesh and Navas, Jorge A},
  booktitle={International Conference on Computer Aided Verification},
  pages={343--361},
  year={2015},
  organization={Springer}
}
@article{ball2006thorough,
  title={Thorough static analysis of device drivers},
  author={Ball, Thomas and Bounimova, Ella and Cook, Byron and Levin, Vladimir and Lichtenberg, Jakob and McGarvey, Con and Ondrusek, Bohus and Rajamani, Sriram K and Ustuner, Abdullah},
  journal={ACM SIGOPS Operating Systems Review},
  volume={40},
  number={4},
  pages={73--85},
  year={2006},
  publisher={ACM New York, NY, USA}
}
@article{schulist2018linux,
  title={Linux socket filtering aka berkeley packet filter (bpf)},
  author={Schulist, Jay and Borkmann, Daniel and Starovoitov, Alexei},
  journal={Documentation/networking/filter. txt},
  year={2018}
}
@inproceedings{mohamed2023understanding,
  title={Understanding the Security of Linux eBPF Subsystem},
  author={Mohamed, Mohamed Husain Noor and Wang, Xiaoguang and Ravindran, Binoy},
  booktitle={Proceedings of the 14th ACM SIGOPS Asia-Pacific Workshop on Systems},
  pages={87--92},
  year={2023}
}

@misc{Cilium, title={BPF and XDP reference guide }, url={https://docs.cilium.io/en/latest/bpf/}, journal={BPF and XDP Reference Guide - Cilium 1.16.0-dev documentation}, author={Cilium Authors}, year={2024}, month={Apr}} 

@misc{Jowett, title={BPF\_CONFORMANCE/tests at main · Alan-Jowett/BPF\_CONFORMANCE}, url={https://github.com/Alan-Jowett/bpf\_conformance/tree/main/tests}, journal={GitHub}, publisher={Big Switch Networks, Inc}, author={Jowett, Alan}} 

@book{felleisen2009semantics,
  title={Semantics engineering with PLT Redex},
  author={Felleisen, Matthias and Findler, Robert Bruce and Flatt, Matthew},
  year={2009},
  publisher={Mit Press}
}
@book{gunter1992semantics,
  title={Semantics of programming languages: structures and techniques},
  author={Gunter, Carl A},
  year={1992},
  publisher={MIT press}
}
@inproceedings{lal2014powering,
  title={Powering the static driver verifier using corral},
  author={Lal, Akash and Qadeer, Shaz},
  booktitle={Proceedings of the 22nd ACM SIGSOFT International Symposium on Foundations of Software Engineering},
  pages={202--212},
  year={2014}
}
Welcome to prototype kernel’s documentation!¶. Welcome to Prototype Kernel’s documentation! - Prototype Kernel 0.0.1 documentation. (n.d.). https://prototype-kernel.readthedocs.io/en/latest/ 
@online{Express,
    title = { eXpress Data Path},
    year = {2018},
    url = {https://prototype-kernel.readthedocs.io/en/
latest/networking/XDP/index.html},
    urldate      = {04/06/2024}
}
@online{Seccomp,
    title = {A seccomp overview},
    year = {2018},
    url = {https://lwn.net/Articles/656307/},
    urldate      = {04/06/2024}
}
@online{Visor,
    title = {IO Visor Project},
    year = {2018},
    url = {https://www.iovisor.org/technology/bcc},
    urldate      = {04/06/2024}
}
@inproceedings{amit2017hypercallbacks,
  title={Hypercallbacks: Decoupling policy decisions and execution},
  author={Amit, Nadav and Wei, Michael and Tu, Cheng-Chun},
  booktitle={Proceedings of the 16th Workshop on Hot Topics in Operating Systems},
  pages={37--41},
  year={2017}
}
@inproceedings{bershad1995extensibility,
  title={Extensibility safety and performance in the SPIN operating system},
  author={Bershad, Brian N and Savage, Stefan and Pardyak, Przemyslaw and Sirer, Emin G{\"u}n and Fiuczynski, Marc E and Becker, David and Chambers, Craig and Eggers, Susan},
  booktitle={Proceedings of the fifteenth ACM symposium on Operating systems principles},
  pages={267--283},
  year={1995}
}
@inproceedings{fahndrich2006language,
  title={Language support for fast and reliable message-based communication in Singularity OS},
  author={F{\"a}hndrich, Manuel and Aiken, Mark and Hawblitzel, Chris and Hodson, Orion and Hunt, Galen and Larus, James R and Levi, Steven},
  booktitle={Proceedings of the 1st ACM SIGOPS/EuroSys European Conference on Computer Systems 2006},
  pages={177--190},
  year={2006}
}
@inproceedings{mccanne1993bsd,
  title={The BSD Packet Filter: A New Architecture for User-level Packet Capture.},
  author={McCanne, Steven and Jacobson, Van},
  booktitle={USENIX winter},
  volume={46},
  pages={259--270},
  year={1993}
}
@book{pierce2002types,
  title={Types and programming languages},
  author={Pierce, Benjamin C},
  year={2002},
  publisher={MIT press}
}
@online{ebpf,
    title = {extended Berkeley Packet Filter (eBPF)},
    author = {The backend},
    year = {2018},
    url = {http://llvm.org/docs/CodeGenerator.html# the-extended-berkeley-packet-filter-ebpfbackend},
    urldate      = {04/06/2024}
}
@inproceedings{de2015lean,
  title={The Lean theorem prover (system description)},
  author={De Moura, Leonardo and Kong, Soonho and Avigad, Jeremy and Van Doorn, Floris and von Raumer, Jakob},
  booktitle={Automated Deduction-CADE-25: 25th International Conference on Automated Deduction, Berlin, Germany, August 1-7, 2015, Proceedings 25},
  pages={378--388},
  year={2015},
  organization={Springer}
}
@inproceedings{page2005engineering,
  title={Engineering software correctness},
  author={Page, Rex},
  booktitle={Proceedings of the 2005 workshop on Functional and declarative programming in education},
  pages={39--46},
  year={2005}
}